2284 2908
974 214 1340 261 ..·5....

726 332 825 386 De
865 331 1356 411 Declinati-one
1400 331 1576 391 tertia.

259 421 495 495 Venimus
511 451 598 508 jam
617 449 664 494 in
680 448 828 495 locum
849 449 1066 495 lubricum
1088 461 1134 495 et
1153 448 1471 510 periculosum,
1492 452 1550 494 in
1578 464 1670 510 quo
1697 451 1875 496 veniam
1900 449 2040 495 habe-

260 509 434 565 bimus,
454 513 491 554 si
501 525 654 556 cuisus
673 510 727 554 ad
749 510 919 569 singula
948 513 1131 570 vestigia
1158 512 1349 555 resistat.
1413 513 1528 553 Nam
1546 513 1586 553 si
1603 514 1650 553 in
1674 509 1771 565 illis,
1803 526 1924 571 quae
1947 513 2037 569 jam

260 570 448 615 decursa
464 581 581 625 sunt,
612 585 742 631 saepe
761 569 812 614 ab
833 572 960 614 omni
977 586 1064 615 nos
1081 572 1373 615 sustinuimus
1394 585 1600 617 assensu,
1624 581 1874 630 propterea,
1907 570 2037 631 quod

258 630 424 681 nullam
450 631 718 675 habebamus
746 629 956 689 regulam,
987 646 1087 690 *qua
1115 646 1213 675 vera
1244 642 1289 673 et
1318 629 1425 674 falsa
1452 632 1762 688 judicaremus,
1793 643 1960 691 quanto
1985 630 2036 673 id

258 692 397 750 magis
412 690 514 737 fieri
532 689 720 737 necesse
739 702 806 735 est
825 693 872 733 in
889 701 1013 734 tanta
1032 686 1381 751 imparisyllabae
1411 690 1732 737 declinationis
1756 694 1962 737 varietate
1989 702 2041 736 ez

258 766 314 804 co
350 755 404 806 ia,
445 753 569 797 unde
594 766 710 812 quae
736 756 1007 808 generantur
1033 753 1387 810 compositorum
1412 751 1597 806 formae,
1628 754 1677 794 in
1703 766 1865 797 omnes
1889 761 2036 811 partes

258 767 469 867 diffusae,
508 812 783 858 >luxuriantis
810 812 1021 869 germinis
1052 811 1219 865 modo,
1259 810 1524 857 multisormi
1550 810 1741 873 ambage
1766 813 2039 858 intuentium

257 872 414 917 oculos
432 873 603 920 fallunt.
668 870 761 915 Sed
778 874 978 929 repetam
999 889 1020 914 a
1043 873 1204 930 capite.

273 971 276 973 ,
378 936 436 977 τα·
456 934 500 974 ἐκ.
516 929 582 975 δύο
599 929 757 977 τελείων
777 927 958 976 σύνθετα
976 930 1151 986 ὀνόματα
1168 928 1254 984 qino*
1272 926 1447 986 εὐθείας,
1477 929 1526 979 ὥς
1544 929 1591 977 rei
1623 925 1826 990 ζωηφὸρος,
1855 928 1943 974 dmi
1970 945 2037 983 ys-

257 990 369 1046 ωικῆς,
399 988 625 1046 οὐδεγᾶῠωροι
649 989 802 1046 (adde,
834 991 873 1033 si
901 990 1206 1035 Grammaticis
1238 989 1402 1051 placet,
1435 985 1635 1046 &Aonii-nb
1665 984 1922 1048 ὁδατοςύδιη)
1950 988 2037 1037 ἀπὸ

255 1046 412 1107 δοτικῆς,
438 1054 654 1111 Αρηιφιλος,
687 1050 773 1092 ἀπὸ
791 1049 1010 1097 αἰτιατικῆς
1025 1044 1261 1109 Ποδαλείρως
1278 1052 1426 1106 Εῐγιῐι.
1444 1053 1576 1111 Μ.-Ρ.
1597 1058 1699 1099 208.
1723 1056 1799 1110 47.
1970 1057 1973 1059 ’

345 1110 516 1170 j‘Primi
534 1124 578 1155 et
596 1110 785 1155 secundi
819 1124 942 1154 casus
969 1110 1174 1170 exempla
1208 1113 1476 1169 paucissima
1503 1121 1612 1155 sunt
1638 1126 1778 1170 eaque
1803 1113 1900 1170 ipsa
1924 1108 2034 1160 fere,

256 1169 373 1231 quae
402 1172 874 1223 commemoravimus,
907 1186 933 1212 a
958 1172 1139 1230 poetica
1163 1169 1346 1215 licentia
1378 1182 1520 1216 sumta
1593 1172 1749 1216 Unum
1776 1182 1845 1216 est
1874 1171 2037 1215 ceteris

253 1231 494 1282 notabilius
512 1231 796 1284 πολιτσοῠχος,
828 1231 897 1273 cui
918 1245 1025 1274 cave
1044 1245 1293 1289 componas
1312 1230 1617 1286 πολισσονόμος,
1650 1232 1778 1290 quod
1803 1231 1881 1290 qui
1907 1229 2037 1273 effin-

253 1294 334 1345 xit,
366 1292 584 1336 suavitatis
603 1305 728 1334 causa
754 1300 910 1333 contra
937 1292 1162 1334 rationem
1191 1292 1407 1350 peccavit.
1444 1310 1449 1315 “
1471 1292 1626 1348 Quum
1653 1292 1779 1335 enim
1801 1292 1850 1334 in
1879 1288 2037 1350 pleris-

254 1366 343 1411 que
377 1351 601 1404 omnibus,
633 1364 749 1409 quae
779 1364 881 1401 curn
903 1345 1025 1404 ἕλκω,
1062 1348 1165 1406 ’ἔργω
1187 1361 1241 1394 et·
1259 1348 1339 1403 ἔχω
1364 1361 1717 1409 componuntur,
1746 1354 1798 1395 in
1829 1350 2037 1395 confinio

253 1413 488 1472 utriusque
520 1409 724 1456 vocabuli
749 1410 776 1456 J
806 1420 852 1454 et
873 1411 1217 1464 Teoncurrant,
1242 1411 1291 1454 in
1325 1412 1362 1457 ὀὗ
1400 1411 1714 1465 confluxurae,
1744 1407 2036 1463 ταλαντοῦχος,

254 1471 489 1527 πολιοῦχος,
519 1468 744 1520 novabitur,
775 1465 1033 1529 ἅμαέοὖργος
1056 1485 1083 1513 a
1110 1470 1442 1516 consuetudine
1467 1474 1868 1530 impetratum'est,
1906 1481 1955 1514 ut
1981 1484 2037 1514 ea

253 1546 454 1592 quoque,
487 1546 606 1592 quae
625 1530 747 1574 aliter
761 1544 812 1574 se
828 1528 1059 1585 haberent,
1094 1530 1216 1576 hunc
1231 1531 1399 1583 flexum
1415 1543 1723 1592 sequerentur,
1753 1530 2036 1584 πολισσοῦχὸς,

252 1594 544 1651 τελεσιουργεῖν,
575 1590 843 1648 ἐντεσουργᾶς,
877 1588 1107 1647 πανοῦργος,
1138 1589 1441 1651 ταλασιοῧργος,
1483 1591 1643 1652 quibus
1670 1591 1790 1637 velut
1817 1603 1874 1636 ex
1899 1593 2035 1635 insitu

251 1651 387 1695 alieni
403 1652 565 1697 surculi
587 1664 730 1699 novus
749 1649 879 1694 color
894 1661 1059 1693 tractus
1078 1662 1159 1695 est.
1226 1651 1448 1695 Ordinem
1466 1663 1649 1695 servant
1659 1652 1940 1708 κωλυσιεργεῖν,
1973 1663 2035 1705 et,

233 1735 235 1737 ·
290 1711 382 1754 uod
409 1728 491 1773 pro
522 1711 598 1756 illo
623 1713 670 1754 in
696 1712 900 1753 Homero
926 1709 1111 1768 legitur,
1152 1710 1396 1768 ἐντεσιεργός.
1435 1713 1627 1756 ·Eorum
1648 1723 1828 1764 autem,
1861 1725 1979 1769 quae
2006 1724 2034 1754 a

255 1726 405 1815 dativo
423 1771 772 1832 componu'ntur,
804 1784 1019 1813 numerus
1037 1773 1192 1827 major.
1223 1784 1325 1813 usus
1344 1773 1645 1825 communior,
1677 1769 2037 1830 ambiguitasque

231 1846 234 1849 ·
252 1847 422 1883 summa
443 1844 532 1885 est;
568 1846 652 1892 qua
671 1829 733 1886 de
753 1845 803 1873 re
822 1828 974 1889 paullo
995 1842 1099 1889 post
1119 1829 1367 1874 dicendum
1388 1833 1469 1876 erit
1496 1829 1773 1890 explicatius.
1823 1834 2034 1887 Accusa-

252 1894 332 1943 tivi
359 1891 615 1953 exemplum
642 1889 811 1946 nullum
838 1892 1017 1949 reperio
1042 1890 1146 1945 tale,
1166 1888 1308 1950 quale
1334 1892 1663 1937 Grammaticus
1687 1903 2033 1945 commemorat,

252 1951 392 1997 multa
419 1966 570 2005 autem
591 1950 830 2011 ejusmodi,
861 1950 973 1995 nihil
991 1962 1040 1995 ut
1057 1954 1246 2005 intersit,
1278 1950 1333 1994 ad
1353 1951 1478 1997 hunc
1495 1967 1650 1998 casum
1676 1968 1739 1996 an·
1756 1952 1815 1995 ad
1841 1951 2032 2011 primam

251 2010 528 2072 positionem
545 2012 811 2063 referantur3
845 2011 965 2056 velut
983 2022 1101 2072 quae
1117 2028 1143 2056 a
1163 2014 1331 2056 neutris
1347 2016 1453 2065 μέλι,
1482 2007 1583 2069 δόρυ,
1613 2012 1736 2063 οἱα-τυ,
1767 2011 1872 2066 γόνυ,
1901 2009 2031 2068 μέθυ,

252 2074 340 2128 πῦρ,
372 2071 455 2129 (ρῶι
476 2078 827 2132 οοωροηιιηωτᾲ
887 2075 1149 2129 Κυμάκτυ-ῃας
1166 2074 1303 2132 quum
1328 2071 1447 2117 forte
1475 2072 1688 2116 vidissem
1715 2087 1742 2114 a
1761 2074 2032 2130 Lexicogra-

250 2131 357 2192 phis
377 2131 533 2188 afferri,
553 2136 700 2177 statim
721 2131 780 2175 de
802 2130 958 2175 fraude
972 2134 1171 2189 cogitare
1188 2135 1342 2192 coepi;
1375 2147 1524 2192 neque
1542 2134 1699 2192 opinio
1713 2127 1891 2184 fefellit}
1921 2147 2032 2183 nam

252 2195 300 2235 in
324 2193 536 2243 Simmiae
560 2190 757 2237 versibus
791 2190 910 2250 apud
933 2194 1006 2236 He
1039 2190 1321 2250 haestionem
1343 2195 1408 2252 (p.
1431 2198 1502 2250 36.
1522 2190 1773 2248 Gaisford.)
1799 2206 1895 2235 non
1921 2190 2029 2246 hoc,

249 2251 334 2297 sed
350 2253 601 2311 nvpo‘xwms·
619 2252 794 2312 legitur,
827 2262 876 2296 ut
891 2259 996 2308 Κυμο
1034 2252 1088 2305 σἠ,
1118 2249 1550 2309 κυμοθαλὴς,,εἰωί1ἰεϊ.’
1610 2251 2030 2313 ονομάκλυτοςραῐο-
